@online{中国剩余定理,
	author = "wikipedia",
	title = "中国剩余定理",
	url = "https://zh.wikipedia.org/wiki/中国剩余定理",
	keywords = "中国剩余定理,wiki"	
}

@online{模反元素,
	author = "wikipedia",
	title = "模逆元",
	url = "https://zh.wikipedia.org/wiki/模反元素",
	keywords = "模逆元,wiki"	
}

@online{辗转相除法,
	author = "wikipedia",
	title = "辗转相除法",
	url = "https://zh.wikipedia.org/wiki/辗转相除法",
	keywords = "辗转相除法,wiki"	
}

@online{扩展欧几里得算法,
	author = "wikipedia",
	title = "扩展欧几里得算法",
	url = "https://zh.wikipedia.org/wiki/扩展欧几里得算法",
	keywords = "扩展欧几里得算法,wiki"	
}

@online{裴蜀定理,
	author = "wikipedia",
	title = "裴蜀定理",
	url = "https://zh.wikipedia.org/wiki/裴蜀定理",
	keywords = "裴蜀定理,wiki"	
}


